%% This BibTeX bibliography file was created using BibDesk.
%% https://bibdesk.sourceforge.io/

%% Created for Yan Qile at 2019-11-18 13:04:55 -0500


%% Saved with string encoding Unicode (UTF-8)
@article{liang2013solving,
  title={Solving partial differential equations on point clouds},
  author={Liang, Jian and Zhao, Hongkai},
  journal={SIAM Journal on Scientific Computing},
  volume={35},
  number={3},
  pages={A1461--A1486},
  year={2013},
  publisher={SIAM}
}

@article{alvarez2021local,
  title={A Local Radial Basis Function Method for the Laplace--Beltrami Operator},
  author={{\'A}lvarez, Diego and Gonz{\'a}lez-Rodr{\'\i}guez, Pedro and Kindelan, Manuel},
  journal={Journal of Scientific Computing},
  volume={86},
  number={3},
  pages={1--20},
  year={2021},
  publisher={Springer}
}
@book{taylorPDE1,
  title={Partial Differential Equations I: Basic Theory.},
  author={Taylor, Michael},
  series ={ Applied Mathematical Sciences},
  edition = {2nd},
  volume={115},
  year={2011},
  publisher={Springer, New York}
}
@article{shankar2015radial,
  title={A radial basis function (RBF)-finite difference (FD) method for diffusion and reaction--diffusion equations on surfaces},
  author={Shankar, Varun and Wright, Grady B and Kirby, Robert M and Fogelson, Aaron L},
  journal={Journal of scientific computing},
  volume={63},
  number={3},
  pages={745--768},
  year={2015},
  publisher={Springer}
}

@book{taylorPDE3,
  title={Partial Differential Equations III: Nonlinear Equations.},
  author={Taylor, Michael},
  series ={ Applied Mathematical Sciences},
  edition = {2nd},
  volume={117},
  year={2011},
  publisher={Springer, New York}
}
@article{samavaki2020navier,
  title={Navier--Stokes equations on Riemannian manifolds},
  author={Samavaki, Maryam and Tuomela, Jukka},
  journal={Journal of Geometry and Physics},
  volume={148},
  pages={103543},
  year={2020},
  publisher={Elsevier}
}


@article{potts2003fast,
	Author = {Potts, Daniel and Steidl, Gabriele},
	Journal = {SIAM Journal on Scientific Computing},
	Number = {6},
	Pages = {2013--2037},
	Publisher = {SIAM},
	Title = {Fast summation at nonequispaced knots by NFFT},
	Volume = {24},
	Year = {2003}}

@article{alfke2018nfft,
	Author = {Alfke, Dominik and Potts, Daniel and Stoll, Martin and Volkmer, Toni},
	Journal = {Frontiers in Applied Mathematics and Statistics},
	Pages = {61},
	Publisher = {Frontiers},
	Title = {NFFT meets Krylov methods: Fast matrix-vector products for the graph Laplacian of fully connected networks},
	Volume = {4},
	Year = {2018}}

@article{keiner2009using,
	Author = {Keiner, Jens and Kunis, Stefan and Potts, Daniel},
	Journal = {ACM Transactions on Mathematical Software (TOMS)},
	Number = {4},
	Pages = {19},
	Publisher = {ACM},
	Title = {Using NFFT 3---a software library for various nonequispaced fast Fourier transforms},
	Volume = {36},
	Year = {2009}}

	@article{singer2011orientability,
  title={Orientability and diffusion maps},
  author={Singer, Amit and Wu, Hau-tieng},
  journal={Applied and computational harmonic analysis},
  volume={31},
  number={1},
  pages={44--58},
  year={2011},
  publisher={Elsevier}
}
@book{higham1988matrix,
  title={Matrix nearness problems and applications},
  author={Higham, Nicholas J},
  year={1988},
  publisher={Citeseer}
}
@book{ciarlet2013linear,
  title={Linear and nonlinear functional analysis with applications},
  author={Ciarlet, Philippe G},
  volume={130},
  year={2013},
  publisher={Siam}
  
  
  
  @article{babuska1991eigenvalue,
  title={Eigenvalue problems},
  author={Babuska, Ivo M and Osborn, J},
  journal={Handbook of Numerical Analysis},
  volume={2},
  pages={641--787},
  year={1991},
  publisher={Elsevier}
}
  
 @article{fuselier2013high,
  title={A high-order kernel method for diffusion and reaction-diffusion equations on surfaces},
  author={Fuselier, Edward J and Wright, Grady B},
  journal={Journal of Scientific Computing},
  volume={56},
  number={3},
  pages={535--565},
  year={2013},
  publisher={Springer}
}
  
  @article{larsson2003numerical,
  title={A numerical study of some radial basis function based solution methods for elliptic PDEs},
  author={Larsson, Elisabeth and Fornberg, Bengt},
  journal={Computers \& Mathematics with Applications},
  volume={46},
  number={5-6},
  pages={891--902},
  year={2003},
  publisher={Elsevier}
}
@book{lee2018introduction,
  title={Introduction to Riemannian manifolds},
  author={Lee, John M},
  year={2018},
  publisher={Springer}
}
  @article{ascher1995implicit,
  title={Implicit-explicit methods for time-dependent partial differential equations},
  author={Ascher, Uri M and Ruuth, Steven J and Wetton, Brian TR},
  journal={SIAM Journal on Numerical Analysis},
  volume={32},
  number={3},
  pages={797--823},
  year={1995},
  publisher={SIAM}
}
@book{fasshauer2007meshfree,
  title={Meshfree approximation methods with MATLAB},
  author={Fasshauer, Gregory E},
  volume={6},
  year={2007},
  publisher={World Scientific}
}
}